@inproceedings{shokri2015privacy,
  title={Privacy-preserving deep learning},
  author={Shokri, Reza and Shmatikov, Vitaly},
  booktitle={Proceedings of the 22nd ACM SIGSAC conference on computer and communications security},
  pages={1310--1321},
  year={2015}
}

@inproceedings{shokri2015privacy,
  title={Privacy-preserving deep learning},
  author={Shokri, Reza and Shmatikov, Vitaly},
  booktitle={Proceedings of the 22nd ACM SIGSAC conference on computer and communications security},
  pages={1310--1321},
  year={2015}
}

@article{schmidhuber2015deep,
  title={Deep learning in neural networks: An overview},
  author={Schmidhuber, J{\"u}rgen},
  journal={Neural networks},
  volume={61},
  pages={85--117},
  year={2015},
  publisher={Elsevier}
}

@article{salem2019updates,
  title={Updates-leak: Data set inference and reconstruction attacks in online learning},
  author={Salem, Ahmed and Bhattacharya, Apratim and Backes, Michael and Fritz, Mario and Zhang, Yang},
  journal={arXiv preprint arXiv:1904.01067},
  year={2019}
}


@inproceedings{hitaj2017deep,
  title={Deep models under the GAN: information leakage from collaborative deep learning},
  author={Hitaj, Briland and Ateniese, Giuseppe and Perez-Cruz, Fernando},
  booktitle={Proceedings of the 2017 ACM SIGSAC Conference on Computer and Communications Security},
  pages={603--618},
  year={2017}
}

@article{sathya2013comparison,
  title={Comparison of supervised and unsupervised learning algorithms for pattern classification},
  author={Sathya, R and Abraham, Annamma},
  journal={International Journal of Advanced Research in Artificial Intelligence},
  volume={2},
  number={2},
  pages={34--38},
  year={2013},
  publisher={Citeseer}
}

@incollection{bottou2010large,
  title={Large-scale machine learning with stochastic gradient descent},
  author={Bottou, L{\'e}on},
  booktitle={Proceedings of COMPSTAT'2010},
  pages={177--186},
  year={2010},
  publisher={Springer}
}

@inproceedings{fredrikson2015model,
  title={Model inversion attacks that exploit confidence information and basic countermeasures},
  author={Fredrikson, Matt and Jha, Somesh and Ristenpart, Thomas},
  booktitle={Proceedings of the 22nd ACM SIGSAC Conference on Computer and Communications Security},
  pages={1322--1333},
  year={2015}
}

@TECHREPORT{panasonic,
  title={Deep Learning Facial Recognition System},
  author={Panasonic Video Surveillance Systemes},
  URL={https://business.panasonic.co.uk/security-solutions/sites/default/nfsfiles/security-solutions/technical_downloads/Deep_Learning_facial_Recognition_System_1535954524.8808.pdf}
}

@article{salem2019updates,
  title={Updates-leak: Data set inference and reconstruction attacks in online learning},
  author={Salem, Ahmed and Bhattacharya, Apratim and Backes, Michael and Fritz, Mario and Zhang, Yang},
  journal={arXiv preprint arXiv:1904.01067},
  year={2019}
}

@article{kairouz2019advances,
  title={Advances and open problems in federated learning},
  author={Kairouz, Peter and McMahan, H Brendan and Avent, Brendan and Bellet, Aur{\'e}lien and Bennis, Mehdi and Bhagoji, Arjun Nitin and Bonawitz, Keith and Charles, Zachary and Cormode, Graham and Cummings, Rachel and others},
  journal={arXiv preprint arXiv:1912.04977},
  year={2019}
}


@article{mcmahan2016federated,
  title={Federated learning of deep networks using model averaging},
  author={McMahan, H Brendan and Moore, Eider and Ramage, Daniel and y Arcas, Blaise Aguera},
  year={2016}
}

@article{konevcny2016federated,
  title={Federated learning: Strategies for improving communication efficiency},
  author={Kone{\v{c}}n{\`y}, Jakub and McMahan, H Brendan and Yu, Felix X and Richt{\'a}rik, Peter and Suresh, Ananda Theertha and Bacon, Dave},
  journal={arXiv preprint arXiv:1610.05492},
  year={2016}
}

@article{nasr2018comprehensive,
  title={Comprehensive privacy analysis of deep learning: Stand-alone and federated learning under passive and active white-box inference attacks},
  author={Nasr, Milad and Shokri, Reza and Houmansadr, Amir},
  journal={arXiv preprint arXiv:1812.00910},
  year={2018}
}

@article{lyu2020threats,
  title={Threats to Federated Learning: A Survey},
  author={Lyu, Lingjuan and Yu, Han and Yang, Qiang},
  journal={arXiv preprint arXiv:2003.02133},
  year={2020}
}

@inproceedings{zhu2019deep,
  title={Deep leakage from gradients},
  author={Zhu, Ligeng and Liu, Zhijian and Han, Song},
  booktitle={Advances in Neural Information Processing Systems},
  pages={14747--14756},
  year={2019}
}

@article{zhao2020idlg,
  title={iDLG: Improved Deep Leakage from Gradients},
  author={Zhao, Bo and Mopuri, Konda Reddy and Bilen, Hakan},
  journal={arXiv preprint arXiv:2001.02610},
  year={2020}
}

@inproceedings{melis2019exploiting,
  title={Exploiting unintended feature leakage in collaborative learning},
  author={Melis, Luca and Song, Congzheng and De Cristofaro, Emiliano and Shmatikov, Vitaly},
  booktitle={2019 IEEE Symposium on Security and Privacy (SP)},
  pages={691--706},
  year={2019},
  organization={IEEE}
}

@misc{mcsherry2017, url={https://github.com/frankmcsherry/blog/blob/master/posts/2017-10-27.md}, year={2017}, month={Oct}, title={Deep learning and differential privacy}, howpublished={Blogpost}}